{"lastUpdated": "2021-09-05 13:08:00.334843", "startDate": "2021-08-31 17:00:00.0", "name": "ai_predicted_trailing_take_profit", "startingBalance": 2000, "accountValue": 2126.6302118987683, "balance": 5.582201367815287e-13, "orderHistory": [{"date": 1630426409000, "side": "buy", "quantity": 0.012136784845420004, "value": 40.0, "price": 3292.47}, {"date": 1630426409000, "side": "buy", "quantity": 0.011777648789026198, "value": 39.2, "price": 3325.01}, {"date": 1630426409000, "side": "buy", "quantity": 0.01148159747257317, "value": 38.416, "price": 3342.53}, {"date": 1630426409000, "side": "buy", "quantity": 0.011257219406340077, "value": 37.64768, "price": 3340.97}, {"date": 1630426409000, "side": "buy", "quantity": 0.011056863000107997, "value": 36.8947264, "price": 3333.48}, {"date": 1630426409000, "side": "buy", "quantity": 0.010995036813851295, "value": 36.156831872, "price": 3285.18}, {"date": 1630426409000, "side": "buy", "quantity": 0.010959824863096221, "value": 35.43369523456, "price": 3229.82}, {"date": 1630426409000, "side": "buy", "quantity": 0.010789266282832161, "value": 34.7250213298688, "price": 3215.26}, {"date": 1630426409000, "side": "buy", "quantity": 0.010569799085421548, "value": 34.03052090327143, "price": 3216.38}, {"date": 1630426409000, "side": "buy", "quantity": 0.010346757942459872, "value": 33.349910485205996, "price": 3220.0}, {"date": 1630426409000, "side": "buy", "quantity": 0.010082614903397917, "value": 32.68291227550188, "price": 3238.27}, {"date": 1630426409000, "side": "buy", "quantity": 0.009906445561206043, "value": 32.02925402999184, "price": 3229.94}, {"date": 1630426409000, "side": "buy", "quantity": 0.009684120889201273, "value": 31.388668949392006, "price": 3238.01}, {"date": 1630426409000, "side": "buy", "quantity": 0.009503175857410855, "value": 30.760895570404163, "price": 3233.67}, {"date": 1630426409000, "side": "buy", "quantity": 0.00896637170747698, "value": 30.145677658996078, "price": 3358.72}, {"date": 1630426409000, "side": "buy", "quantity": 0.008817286490711743, "value": 29.54276410581616, "price": 3347.2}, {"date": 1630426409000, "side": "buy", "quantity": 0.00866740493346563, "value": 28.95190882369984, "price": 3336.98}, {"date": 1630426409000, "side": "buy", "quantity": 0.008503051726163169, "value": 28.37287064722584, "price": 3333.45}, {"date": 1630426409000, "side": "buy", "quantity": 0.008096421534327367, "value": 27.805413234281325, "price": 3430.85}, {"date": 1630426409000, "side": "buy", "quantity": 0.007967376514880222, "value": 27.2493049695957, "price": 3416.69}, {"date": 1630426409000, "side": "buy", "quantity": 0.007772382428222442, "value": 26.704318870203785, "price": 3432.36}, {"date": 1630426409000, "side": "buy", "quantity": 0.007736989808027851, "value": 26.17023249279971, "price": 3379.1}, {"date": 1630426409000, "side": "buy", "quantity": 0.007561952621946589, "value": 25.64682784294372, "price": 3388.17}, {"date": 1630663200000, "side": "buy", "quantity": 0.1586575782079143, "value": 628.5, "price": 3957.4}, {"date": 1630663200000, "side": "buy", "quantity": 0.07946131163308696, "value": 314.25, "price": 3950.8}, {"date": 1630666800000, "side": "buy", "quantity": 0.0396919765339537, "value": 157.125, "price": 3954.65}, {"date": 1630674000000, "side": "buy", "quantity": 0.019857939234920692, "value": 78.5625, "price": 3952.27}, {"date": 1630674000000, "side": "buy", "quantity": 0.009897091740226988, "value": 39.28125, "price": 3965.0}, {"date": 1630681200000, "side": "buy", "quantity": 0.0049298955716080405, "value": 19.640625, "price": 3980.0}, {"date": 1630681200000, "side": "buy", "quantity": 0.002471218969621401, "value": 9.8203125, "price": 3969.9}, {"date": 1630688400000, "side": "buy", "quantity": 0.0012350090748471107, "value": 4.91015625, "price": 3971.83}, {"date": 1630688400000, "side": "buy", "quantity": 0.0006186696550191078, "value": 2.455078125, "price": 3964.35}, {"date": 1630692000000, "side": "buy", "quantity": 0.000310158662619315, "value": 1.2275390625, "price": 3953.82}, {"date": 1630695600000, "side": "buy", "quantity": 0.00015542604859790875, "value": 0.61376953125, "price": 3945.0}, {"date": 1630702800000, "side": "buy", "quantity": 7.82429741772857e-05, "value": 0.306884765625, "price": 3918.28}, {"date": 1630702800000, "side": "buy", "quantity": 3.893279872340162e-05, "value": 0.1534423828125, "price": 3937.27}, {"date": 1630706400000, "side": "buy", "quantity": 1.971277969343162e-05, "value": 0.07672119140625, "price": 3888.06}, {"date": 1630710000000, "side": "buy", "quantity": 9.726998742930284e-06, "value": 0.038360595703125, "price": 3939.78}, {"date": 1630713600000, "side": "buy", "quantity": 4.85769200928661e-06, "value": 0.0191802978515625, "price": 3944.49}, {"date": 1630717200000, "side": "buy", "quantity": 2.4431288527030877e-06, "value": 0.00959014892578125, "price": 3921.43}, {"date": 1630720800000, "side": "buy", "quantity": 1.214219836616538e-06, "value": 0.004795074462890625, "price": 3945.15}, {"date": 1630728000000, "side": "buy", "quantity": 6.1114065984386e-07, "value": 0.0023975372314453125, "price": 3919.13}, {"date": 1630728000000, "side": "buy", "quantity": 3.06482944702424e-07, "value": 0.0011987686157226562, "price": 3907.46}, {"date": 1630731600000, "side": "buy", "quantity": 1.5248363167539288e-07, "value": 0.0005993843078613281, "price": 3926.88}, {"date": 1630735200000, "side": "buy", "quantity": 7.63226694173261e-08, "value": 0.00029969215393066406, "price": 3922.72}, {"date": 1630738800000, "side": "buy", "quantity": 3.821159877279907e-08, "value": 0.00014984607696533203, "price": 3917.56}, {"date": 1630742400000, "side": "buy", "quantity": 1.902131545026718e-08, "value": 7.492303848266602e-05, "price": 3934.96}, {"date": 1630746000000, "side": "buy", "quantity": 9.52360608866826e-09, "value": 3.746151924133301e-05, "price": 3929.61}, {"date": 1630749600000, "side": "buy", "quantity": 4.790169022933446e-09, "value": 1.8730759620666504e-05, "price": 3906.34}, {"date": 1630753200000, "side": "buy", "quantity": 2.405887273843581e-09, "value": 9.365379810333252e-06, "price": 3888.8}, {"date": 1630756800000, "side": "buy", "quantity": 1.194399052055461e-09, "value": 4.682689905166626e-06, "price": 3916.62}, {"date": 1630760400000, "side": "buy", "quantity": 5.980301616470554e-10, "value": 2.341344952583313e-06, "price": 3911.18}, {"date": 1630767600000, "side": "buy", "quantity": 2.995427603521677e-10, "value": 1.1706724762916565e-06, "price": 3904.29}, {"date": 1630767600000, "side": "buy", "quantity": 1.491730511633267e-10, "value": 5.853362381458282e-07, "price": 3919.95}, {"date": 1630771200000, "side": "buy", "quantity": 7.491619928609456e-11, "value": 2.926681190729141e-07, "price": 3902.7}, {"date": 1630774800000, "side": "buy", "quantity": 3.7663852927804184e-11, "value": 1.4633405953645706e-07, "price": 3881.38}, {"date": 1630778400000, "side": "buy", "quantity": 1.8928780049944144e-11, "value": 7.316702976822853e-08, "price": 3861.52}, {"date": 1630782000000, "side": "buy", "quantity": 9.466228594096554e-12, "value": 3.6583514884114265e-08, "price": 3860.77}, {"date": 1630785600000, "side": "buy", "quantity": 4.7090978091811476e-12, "value": 1.8291757442057133e-08, "price": 3880.46}, {"date": 1630789200000, "side": "buy", "quantity": 2.3477545339704698e-12, "value": 9.145878721028566e-09, "price": 3891.69}, {"date": 1630792800000, "side": "buy", "quantity": 1.1754690489328917e-12, "value": 4.572939360514283e-09, "price": 3886.42}, {"date": 1630796400000, "side": "buy", "quantity": 5.876619441140458e-13, "value": 2.2864696802571416e-09, "price": 3886.9}, {"date": 1630803600000, "side": "buy", "quantity": 2.923672178929853e-13, "value": 1.1432348401285708e-09, "price": 3906.36}, {"date": 1630803600000, "side": "buy", "quantity": 1.4664083392247434e-13, "value": 5.716174200642854e-10, "price": 3894.18}, {"date": 1630807200000, "side": "buy", "quantity": 7.334810487349702e-14, "value": 2.858087100321427e-10, "price": 3892.71}, {"date": 1630814400000, "side": "buy", "quantity": 3.71086554776184e-14, "value": 1.4290435501607135e-10, "price": 3847.12}, {"date": 1630814400000, "side": "buy", "quantity": 1.842749001717463e-14, "value": 7.145217750803567e-11, "price": 3873.6}, {"date": 1630818000000, "side": "buy", "quantity": 9.236779728790772e-15, "value": 3.572608875401784e-11, "price": 3863.94}, {"date": 1630821600000, "side": "buy", "quantity": 4.602167686027273e-15, "value": 1.786304437700892e-11, "price": 3877.56}, {"date": 1630828800000, "side": "buy", "quantity": 2.3038882748360258e-15, "value": 8.93152218850446e-12, "price": 3872.84}, {"date": 1630832400000, "side": "buy", "quantity": 1.1379926468140297e-15, "value": 4.46576109425223e-12, "price": 3920.32}, {"date": 1630832400000, "side": "buy", "quantity": 5.675746071587753e-16, "value": 2.232880547126115e-12, "price": 3930.14}, {"date": 1630836000000, "side": "buy", "quantity": 2.843494706744887e-16, "value": 1.1164402735630574e-12, "price": 3922.37}, {"date": 1630839600000, "side": "buy", "quantity": 1.4202446865029266e-16, "value": 5.582201367815287e-13, "price": 3926.52}], "config": {"name": "ai_predicted_trailing_take_profit", "dryRun": true, "symbol": "ETH/BUSD", "timeframe": "1h", "exchange_id": "bi1630426409000ce", "api_key": "", "secret": "", "ohlcv_request_size": 500, "fees": 0.001, "spend_percent": 0.02, "take_profit": 0.98, "testing_starting_balance": 2000, "split_dataset": false, "scale_dataset": true, "sequence_length": 50, "lookup_step": 12, "scale": true, "test_ratio": 0.2, "n_layers": 2, "units": 256, "dropout": 0.4, "bidirectional": false, "loss": "mean_absolute_error", "optimizer": "rmsprop", "batch_size": 64, "epochs": 500, "n_features": 6, "feature_columns": ["open", "high", "low", "close", "volume", "rsi", "future"]}, "dryRun": true, "cryptoBalance": 0.5420790221760261, "spent": 2000.3054356957578, "daysRunning": 6}